<record><leader>00000cas a2200000 a 4500</leader><controlfield tag="001">37041779</controlfield><controlfield tag="008">970610d18961929oruwr ne      0   a0eng  </controlfield><datafield ind1=" " ind2=" " tag="010"><subfield code="a">sn 96088246 </subfield></datafield><datafield ind1=" " ind2=" " tag="040"><subfield code="a">OCN</subfield><subfield code="b">eng</subfield><subfield code="c">OCN</subfield><subfield code="d">OCLCQ</subfield><subfield code="d">ORU</subfield><subfield code="d">DLC</subfield><subfield code="d">OCLCQ</subfield><subfield code="d">ORU</subfield><subfield code="d">OCLCF</subfield></datafield><datafield ind1=" " ind2=" " tag="012"><subfield code="l">a</subfield></datafield><datafield ind1="0" ind2=" " tag="022"><subfield code="a">2163-7997</subfield><subfield code="2">14</subfield></datafield><datafield ind1=" " ind2=" " tag="042"><subfield code="a">pcc</subfield><subfield code="a">nsdp</subfield></datafield><datafield ind1=" " ind2=" " tag="043"><subfield code="a">n-us-or</subfield></datafield><datafield ind1="0" ind2="0" tag="050"><subfield code="a">Newspaper</subfield></datafield><datafield ind1="1" ind2="0" tag="082"><subfield code="a">070</subfield><subfield code="2">14</subfield></datafield><datafield ind1="0" ind2=" " tag="130"><subfield code="a">Times-herald (Burns, Or.)</subfield></datafield><datafield ind1=" " ind2="4" tag="222"><subfield code="a">The Times-herald</subfield><subfield code="b">(Burns, Or.)</subfield></datafield><datafield ind1="1" ind2="4" tag="245"><subfield code="a">The Times-herald.</subfield></datafield><datafield ind1=" " ind2=" " tag="260"><subfield code="a">Burns, Harney County, Or. :</subfield><subfield code="b">W.C. Byrd,</subfield><subfield code="c">-1929.</subfield></datafield><datafield ind1=" " ind2=" " tag="300"><subfield code="a">v.</subfield></datafield><datafield ind1=" " ind2=" " tag="310"><subfield code="a">Weekly</subfield></datafield><datafield ind1="1" ind2=" " tag="362"><subfield code="a">Began in 1896.</subfield></datafield><datafield ind1="0" ind2=" " tag="362"><subfield code="a">-v. 43, no. 11 (Dec. 28, 1929).</subfield></datafield><datafield ind1=" " ind2=" " tag="530"><subfield code="a">Also issued on microfilm from University of Oregon.</subfield></datafield><datafield ind1=" " ind2=" " tag="530"><subfield code="a">Archived issues are available in digital format as part of the Historic Oregon Newspaper online collection.</subfield></datafield><datafield ind1=" " ind2=" " tag="530"><subfield code="a">Archived issues are available in digital format as part of the Library of Congress Chronicling America online collection.</subfield></datafield><datafield ind1=" " ind2=" " tag="580"><subfield code="a">Merged with: Burns news (Burns, Or.), to form: Burns times-herald.</subfield></datafield><datafield ind1=" " ind2=" " tag="588"><subfield code="a">Description based on: Vol. 9, no 37 (Aug. 12, 1896).</subfield></datafield><datafield ind1=" " ind2="0" tag="651"><subfield code="a">Burns (Or.)</subfield><subfield code="v">Newspapers.</subfield></datafield><datafield ind1=" " ind2="7" tag="655"><subfield code="a">Newspapers.</subfield><subfield code="2">fast</subfield><subfield code="0">(OCoLC)fst01423814</subfield></datafield><datafield ind1=" " ind2="7" tag="651"><subfield code="a">Oregon</subfield><subfield code="z">Burns.</subfield><subfield code="2">fast</subfield><subfield code="0">(OCoLC)fst01217109</subfield></datafield><datafield ind1=" " ind2=" " tag="752"><subfield code="a">United States</subfield><subfield code="b">Oregon</subfield><subfield code="c">Harney</subfield><subfield code="d">Burns.</subfield></datafield><datafield ind1="0" ind2="4" tag="780"><subfield code="t">East Oregon herald</subfield><subfield code="w">(DLC)sn 96088250</subfield><subfield code="w">(OCoLC)37041740</subfield></datafield><datafield ind1="0" ind2="4" tag="780"><subfield code="t">Burns times</subfield></datafield><datafield ind1="0" ind2="5" tag="780"><subfield code="t">Harney County tribune</subfield></datafield><datafield ind1="1" ind2="7" tag="785"><subfield code="t">Burns news (Burns, Or.)</subfield><subfield code="w">(DLC)sn 96088245</subfield><subfield code="w">(OCoLC)37041823</subfield></datafield><datafield ind1="1" ind2="7" tag="785"><subfield code="t">Burns times-herald</subfield><subfield code="w">(DLC)sn 96088259</subfield><subfield code="w">(OCoLC)30721652</subfield></datafield><datafield ind1="4" ind2="1" tag="856"><subfield code="u">http://oregonnews.uoregon.edu/lccn/sn96088246/issues</subfield></datafield><datafield ind1="4" ind2="1" tag="856"><subfield code="u">http://www.loc.gov/chroniclingamerica/lccn/sn96088246/issues</subfield></datafield></record>